@book{novat2013plans,
  title={Plans des pistes : Les domaines skiables de france dessinés par Pierre NOVAT},
  author={Frédérique Novat, Arthur Novat, Laurent Belluard},
  year={2013},
  publisher={Glenat Production}
}

@article{balzarini2015study,
  title={a Study on Mental Representations for Realistic Visualization the Particular Case of Ski Trail Mapping},
  author={Balzarini, Raffaella and Dalmasso, Anne and Murat, Maxime},
  journal={The International Archives of Photogrammetry, Remote Sensing and Spatial Information Sciences},
  volume={40},
  number={3},
  pages={495},
  year={2015},
  publisher={Copernicus GmbH}
}

@inproceedings{perlin2002improving,
  title={Improving noise},
  author={Perlin, Ken},
  booktitle={ACM Transactions on Graphics (TOG)},
  volume={21},
  number={3},
  pages={681--682},
  year={2002},
  organization={ACM}
}

@article{balzarini2016effectiveness,
  title={THE EFFECTIVENESS OF PANORAMIC MAPS DESIGN: A PRELIMINARY STUDY BASED ON MOBILE EYE-TRACKING.},
  author={Balzarini, R and Murat, M},
  journal={International Archives of the Photogrammetry, Remote Sensing \& Spatial Information Sciences},
  volume={41},
  year={2016}
}

@article{patterson2000view,
  title={A view from on high: Heinrich Berann’s panoramas and landscape visualization techniques for the US National Park Service},
  author={Patterson, Tom},
  journal={Cartographic Perspectives},
  number={36},
  pages={38--65},
  year={2000}
}

@article{patterson2005looking,
  title={Looking closer: A guide to making bird’s-eye views of national park service cultural and historical sites},
  author={Patterson, Tom},
  journal={Cartographic Perspectives},
  number={52},
  pages={59--75},
  year={2005}
}

@article{phong1975illumination,
  title={Illumination for computer generated pictures},
  author={Phong, Bui Tuong},
  journal={Communications of the ACM},
  volume={18},
  number={6},
  pages={311--317},
  year={1975},
  publisher={ACM}
}

@inproceedings{gooch1998non,
  title={A non-photorealistic lighting model for automatic technical illustration},
  author={Gooch, Amy and Gooch, Bruce and Shirley, Peter and Cohen, Elaine},
  booktitle={Proceedings of the 25th annual conference on Computer graphics and interactive techniques},
  pages={447--452},
  year={1998},
  organization={ACM}
}


@inproceedings{brown2017real,
  title={Real-time panorama maps},
  author={Brown, S Alex and Samavati, Faramarz},
  booktitle={Proceedings of the Symposium on Non-Photorealistic Animation and Rendering},
  pages={6},
  year={2017},
  organization={ACM}
}


@article{jenny2011interactive,
  title={Interactive local terrain deformation inspired by hand-painted panoramas},
  author={Jenny, Helen and Jenny, Bernhard and Cartwright, William E and Hurni, Lorenz},
  journal={The Cartographic Journal},
  volume={48},
  number={1},
  pages={11--20},
  year={2011},
  publisher={Taylor \& Francis}
}


@inproceedings{kratt2017structure,
  title={Structure-aware Stylization of Mountainous Terrains},
  author={Kratt, Julian and Eisenkeil, Ferdinand and Spicker, Marc and Wang, Yunhai and Weiskopf, Daniel and Deussen, Oliver},
  booktitle={VMV 2017: Vision, Modeling and Visualization},
  pages={17--28},
  year={2017}
}



@article{bratkova2009artistic,
  title={Artistic rendering of mountainous terrain.},
  author={Bratkova, Margarita and Shirley, Peter and Thompson, William B},
  journal={ACM Trans. Graph.},
  volume={28},
  number={4},
  pages={102--1},
  year={2009}
}


@inproceedings{rusinkiewicz2006exaggerated,
  title={Exaggerated shading for depicting shape and detail},
  author={Rusinkiewicz, Szymon and Burns, Michael and DeCarlo, Doug},
  booktitle={ACM Transactions on Graphics (TOG)},
  volume={25},
  number={3},
  pages={1199--1205},
  year={2006},
  organization={ACM}
}

@inproceedings{barla2006stroke,
  title={Stroke pattern analysis and synthesis},
  author={Barla, Pascal and Breslav, Simon and Thollot, Jo{\"e}lle and Sillion, Fran{\c{c}}ois and Markosian, Lee},
  booktitle={Computer Graphics Forum},
  volume={25},
  number={3},
  pages={663--671},
  year={2006},
  organization={Wiley Online Library}
}

@inproceedings{wei2009state,
  title={State of the art in example-based texture synthesis},
  author={Wei, Li-Yi and Lefebvre, Sylvain and Kwatra, Vivek and Turk, Greg},
  booktitle={Eurographics 2009, State of the Art Report, EG-STAR},
  pages={93--117},
  year={2009},
  organization={Eurographics Association}
}


@inproceedings{o2008assumed,
  title={The assumed light direction for perceiving shape from shading},
  author={O'Shea, James P and Banks, Martin S and Agrawala, Maneesh},
  booktitle={Proceedings of the 5th symposium on Applied perception in graphics and visualization},
  pages={135--142},
  year={2008},
  organization={ACM}
}
@inproceedings{ohtake2004ridge,
  title={Ridge-valley lines on meshes via implicit surface fitting},
  author={Ohtake, Yutaka and Belyaev, Alexander and Seidel, Hans-Peter},
  booktitle={ACM transactions on graphics (TOG)},
  volume={23},
  number={3},
  pages={609--612},
  year={2004},
  organization={ACM}
}
@article{pharr2004ambient,
  title={Ambient occlusion},
  author={Pharr, Matt and Green, Simon},
  journal={GPU Gems},
  volume={1},
  pages={279--292},
  year={2004},
  publisher={Addison Wesley}
}
@article{ritschel20083d,
  title={3D unsharp masking for scene coherent enhancement},
  author={Ritschel, Tobias and Smith, Kaleigh and Ihrke, Matthias and Grosch, Thorsten and Myszkowski, Karol and Seidel, Hans-Peter},
  journal={ACM Transactions on Graphics (TOG)},
  volume={27},
  number={3},
  pages={90},
  year={2008},
  publisher={ACM}
}
@article{freeman1994generic,
  title={The generic viewpoint assumption in a framework for visual perception},
  author={Freeman, William T},
  journal={Nature},
  volume={368},
  number={6471},
  pages={542},
  year={1994},
  publisher={Nature Publishing Group}
}


@inproceedings{caniard2007distortion,
  title={Distortion in 3D shape estimation with changes in illumination},
  author={Caniard, Franck and Fleming, Roland W},
  booktitle={Proceedings of the 4th symposium on Applied perception in graphics and visualization},
  pages={99--105},
  year={2007},
  organization={ACM}
}


@article{woo1990survey,
  title={A survey of shadow algorithms},
  author={Woo, Andrew and Poulin, Pierre and Fournier, Alain},
  journal={IEEE Computer Graphics and Applications},
  volume={10},
  number={6},
  pages={13--32},
  year={1990},
  publisher={IEEE}
}
@article{adelson1984pyramid,
  title={Pyramid methods in image processing},
  author={Adelson, Edward H and Anderson, Charles H and Bergen, James R and Burt, Peter J and Ogden, Joan M},
  journal={RCA engineer},
  volume={29},
  number={6},
  pages={33--41},
  year={1984}
}


@inproceedings{miller1994efficient,
  title={Efficient algorithms for local and global accessibility shading},
  author={Miller, Gavin},
  booktitle={Proceedings of the 21st annual conference on Computer graphics and interactive techniques},
  pages={319--326},
  year={1994},
  organization={ACM}
}
@book{cornsweet2012visual,
  title={Visual perception},
  author={Cornsweet, Tom},
  year={2012},
  publisher={Academic press}
}

@phdthesis{loi2015programmable,
  title={Programmable synthesis of element textures and application to cartography},
  author={Loi, Hugo},
  year={2015},
  school={Grenoble Alpes}
}
@inproceedings{zhang2009laplacian,
  title={Laplacian lines for real-time shape illustration},
  author={Zhang, Long and He, Ying and Xie, Xuexiang and Chen, Wei},
  booktitle={Proceedings of the 2009 symposium on Interactive 3D graphics and games},
  pages={129--136},
  year={2009},
  organization={ACM}
}


@phdthesis{vergne2010communication,
  title={Communication expressive de la forme au travers de l'{\'e}clairement et du rendu au trait},
  author={Vergne, Romain},
  year={2010},
  school={Universit{\'e} Sciences et Technologies-Bordeaux I}
}

@article{vergne2016flow,
  title={Flow-guided warping for image-based shape manipulation},
  author={Vergne, Romain and Barla, Pascal and Bonneau, Georges-Pierre and Fleming, Roland W},
  journal={ACM Transactions on Graphics (TOG)},
  volume={35},
  number={4},
  pages={93},
  year={2016},
  publisher={ACM}
}

@inproceedings{bousseau2006interactive,
  title={Interactive watercolor rendering with temporal coherence and abstraction},
  author={Bousseau, Adrien and Kaplan, Matt and Thollot, Jo{\"e}lle and Sillion, Fran{\c{c}}ois X},
  booktitle={Proceedings of the 4th international symposium on Non-photorealistic animation and rendering},
  pages={141--149},
  year={2006},
  organization={ACM}
}


@inproceedings{lopez2010measuring,
  title={Measuring the perception of light inconsistencies},
  author={Lopez-Moreno, Jorge and Sundstedt, Veronica and Sangorrin, Francisco and Gutierrez, Diego},
  booktitle={Proceedings of the 7th Symposium on Applied Perception in Graphics and Visualization},
  pages={25--32},
  year={2010},
  organization={ACM}
}


@inproceedings{wambecke2016automatic,
  title={Automatic lighting design from photographic rules},
  author={Wambecke, J{\'e}r{\'e}my and Vergne, Romain and Bonneau, Georges-Pierre and Thollot, Jo{\"e}lle},
  booktitle={WICED: Eurographics Workshop on Intelligent Cinematography and Editing},
  pages={1--8},
  year={2016},
  organization={Eurographics}
}

@inproceedings{barla2006x,
  title={X-toon: an extended toon shader},
  author={Barla, Pascal and Thollot, Jo{\"e}lle and Markosian, Lee},
  booktitle={Proceedings of the 4th international symposium on Non-photorealistic animation and rendering},
  pages={127--132},
  year={2006},
  organization={ACM}
}

@article{todo2009stylized,
  title={Stylized lighting for cartoon shader},
  author={Todo, Hideki and Anjyo, Ken and Igarashi, Takeo},
  journal={Computer Animation and Virtual Worlds},
  volume={20},
  number={2-3},
  pages={143--152},
  year={2009},
  publisher={Wiley Online Library}
}


@article{todo2013lit,
  title={Lit-sphere extension for artistic rendering},
  author={Todo, Hideki and Anjyo, Ken and Yokoyama, Shun’ichi},
  journal={The Visual Computer},
  volume={29},
  number={6-8},
  pages={473--480},
  year={2013},
  publisher={Springer}
}


@article{al2015interactive,
  title={INTERACTIVE NON-PHOTOREALISTIC RENDERING},
  author={Al-Rousan, Riyad and Sunar, Mohd Shahrizal and Kolivand, Hoshang and Alhajhamad, Hasan and Bahru, UTM Johor},
  journal={JURNAL TEKNOLOGI},
  volume={75},
  number={4},
  pages={57--64},
  year={2015},
  publisher={Citeseer}
}

@inproceedings{todo2007locally,
  title={Locally controllable stylized shading},
  author={Todo, Hideki and Anjyo, Ken-ichi and Baxter, William and Igarashi, Takeo},
  booktitle={ACM Transactions on Graphics (TOG)},
  volume={26},
  number={3},
  pages={17},
  year={2007},
  organization={ACM}
}

@inproceedings{vergne2008apparent,
  title={Apparent relief: a shape descriptor for stylized shading},
  author={Vergne, Romain and Barla, Pascal and Granier, Xavier and Schlick, Christophe},
  booktitle={Proceedings of the 6th international symposium on Non-photorealistic animation and rendering},
  pages={23--29},
  year={2008},
  organization={ACM}
}

@article{zhang2010perceptually,
  title={Perceptually-motivated shape exaggeration},
  author={Zhang, Xin and Chen, Wei and Fang, Jing and Wang, Rui and Peng, Qunsheng},
  journal={The Visual Computer},
  volume={26},
  number={6-8},
  pages={985--995},
  year={2010},
  publisher={Springer}
}

@inproceedings{yoshizawa2005fast,
  title={Fast and robust detection of crest lines on meshes},
  author={Yoshizawa, Shin and Belyaev, Alexander and Seidel, Hans-Peter},
  booktitle={Proceedings of the 2005 ACM symposium on Solid and physical modeling},
  pages={227--232},
  year={2005},
  organization={ACM}
}

@article{koenderink1992surface,
  title={Surface shape and curvature scales},
  author={Koenderink, Jan J and Van Doorn, Andrea J},
  journal={Image and vision computing},
  volume={10},
  number={8},
  pages={557--564},
  year={1992},
  publisher={Elsevier}
}



